% Bibliografia

@masterthesis{Chave,
	author = {Autor},
	title = {Título},
	school = {Faculdade},
	year = {Ano},
	note = {Tese de mestrado}
}

@manual{chave2,
	organization = {Organização},
	title = {título},
	note = {manual}
}


